@book{farr2016routledge,
  title={The Routledge handbook of language learning and technology},
  author={Farr, Fiona and Murray, Liam},
  year={2016},
  publisher={Routledge}
}%  #1

@article{howard2017any,
  title={Any time, any place, flexible pace: Technology-enhanced language learning in a teacher education programme},
  author={Howard, Jocelyn and Scott, Ad{\`e}le},
  year={2017}
}%  #2

@article{gangaiamaran2017review,
  title={Review on use of mobile apps for language learning},
  author={Gangaiamaran, Ramya and Pasupathi, Madhumathi},
  journal={International Journal of Applied Engineering Research},
  volume={12},
  number={21},
  pages={11242--11251},
  year={2017}
}%  #3

@article{chapelle201620,
  title={20 years of technology and language assessment in Language Learning \& Technology},
  author={Chapelle, Carol A and Voss, Erik},
  journal={Language Learning \& Technology},
  volume={20},
  number={2},
  pages={116--128},
  year={2016},
  publisher={University of Hawaii National Foreign Language Resource Center}
}%  #4

@article{john2018evolution,
  title={The Evolution and Impact of Technology in Language Education},
  author={John, Cheryl},
  journal={Technology and the Curriculum: Summer 2018},
  year={2018},
  publisher={Power Learning Solutions}
}%  #5

@article{chapelle2010spread,
  title={The spread of computer-assisted language learning},
  author={Chapelle, Carol A},
  journal={Language Teaching},
  volume={43},
  number={1},
  pages={66--74},
  year={2010},
  publisher={Cambridge University Press}
}%  #6

@article{warschauer1998computers,
  title={Computers and language learning: An overview},
  author={Warschauer, Mark and Healey, Deborah},
  journal={Language teaching},
  volume={31},
  number={2},
  pages={57--71},
  year={1998},
  publisher={Cambridge University Press}
}%  #7

@article{miangah2012mobile,
  title={Mobile-assisted language learning},
  author={Miangah, Tayebeh Mosavi and Nezarat, Amin},
  journal={International Journal of Distributed and Parallel Systems},
  volume={3},
  number={1},
  pages={309},
  year={2012},
  publisher={Academy \& Industry Research Collaboration Center (AIRCC)}
}%  #8

@inproceedings{kusmaryani2019influence,
  title={The influence of mobile applications on studentsâ€™ speaking skill and critical thinking in English language learning},
  author={Kusmaryani, W and Musthafa, B and Purnawarman, P},
  booktitle={Journal of Physics: Conference Series},
  volume={1193},
  number={1},
  pages={012008},
  year={2019},
  organization={IOP Publishing}
}%  #9

@article{franklin2011mobile,
  title={Mobile learning: At the tipping point.},
  author={Franklin, Teresa},
  journal={Turkish Online Journal Of Educational Technology-TOJET},
  volume={10},
  number={4},
  pages={261--275},
  year={2011},
  publisher={ERIC}
}%  #10